@BOOK{Hairer:2002,
	AUTHOR={Ernst Hairer and Christian Lubich and Gerhard Wanner},
	TITLE={{Geometric Numerical Integration : Structure-Preserving Algorithms for Ordinary Differential Equations}},
	PUBLISHER={Springer},
	ADDRESS={Berlin ; Heidelberg [u.a.]},
	YEAR=2002,
}